%% Background
% MassSpec
@online{broad_mass_spectrometry,
  title       = {What is Mass Spectrometry?},
  author      = {Broad Institute},
  url         = {https://www.broadinstitute.org/technology-areas/what-mass-spectrometry},
  note        = {Accessed: 2024-12-19}
}
@online{scripps_mass_spectrometry,
  title       = {Basics of Mass Spectrometry},
  author      = {Scripps Center for Metabolomics/Lipidomics & Mass Spectrometry},
  url         = {https://masspec.scripps.edu/learn/ms/},
  note        = {Accessed: 2025-02-18}
}
@article{garg2024mass,
  title={Mass Spectrometer},
  author={Garg, Eshita and Zubair, Muhammad},
  journal={StatPearls},
  year={2024}
}
@online{scottElectronIonization,
  title={Electron Ionization},
  author={Scott Van Bramer},
  url={https://chem.libretexts.org/Bookshelves/Analytical_Chemistry/An_Introduction_to_Mass_Spectrometry_(Van_Bramer)/03%3A_IONIZATION_TECHNIQUES/3.01%3A_Electron_Ionization},
  note        = {Accessed: 2024-12-19}
}
@article{chong2018clinical,
  title={Clinical mass spectrometry in the bioinformatics era: a Hitchhikerâ€™s guide},
  author={Chong, Yeow-Kuan and Ho, Chi-Chun and Leung, Shui-Yee and Lau, Susanna KP and Woo, Patrick CY},
  journal={Computational and structural biotechnology journal},
  volume={16},
  pages={316--334},
  year={2018},
  publisher={Elsevier}
}
% Tandem MassSpec
@article{antoniewicz2013tandem,
  title={Tandem mass spectrometry for measuring stable-isotope labeling},
  author={Antoniewicz, Maciek R},
  journal={Current opinion in biotechnology},
  volume={24},
  number={1},
  pages={48--53},
  year={2013},
  publisher={Elsevier}
}
@online{nationalmaglabtand,
  title={Tandem Mass Spectrometry (MS/MS)},
  url = {https://nationalmaglab.org/user-facilities/icr/techniques/fragmentation-techniques/tandem-ms},
  note        = {Accessed: 2024-12-19}
}
@article{wells2005collision,
  title={Collision-induced dissociation (CID) of peptides and proteins},
  author={Wells, J Mitchell and McLuckey, Scott A},
  journal={Methods in enzymology},
  volume={402},
  pages={148--185},
  year={2005},
  publisher={Elsevier}
}
@article{defossez2023eight,
  title={Eight key rules for successful data-dependent acquisition in mass spectrometry-based metabolomics},
  author={Defossez, Emmanuel and Bourquin, Julien and von Reuss, Stephan and Rasmann, Sergio and Glauser, Ga{\'e}tan},
  journal={Mass Spectrometry Reviews},
  volume={42},
  number={1},
  pages={131--143},
  year={2023},
  publisher={Wiley Online Library}
}
@article{molina2008comprehensive,
  title={Comprehensive comparison of collision induced dissociation and electron transfer dissociation},
  author={Molina, Henrik and Matthiesen, Rune and Kandasamy, Kumaran and Pandey, Akhilesh},
  journal={Analytical chemistry},
  volume={80},
  number={13},
  pages={4825--4835},
  year={2008},
  publisher={ACS Publications}
}

% Representations
@article{hartshorn2015brief,
  title={Brief guide to the nomenclature of inorganic chemistry},
  author={Hartshorn, Richard M and Hellwich, Karl-Heinz and Yerin, Andrey and Damhus, Ture and Hutton, Alan T},
  journal={Pure and Applied Chemistry},
  volume={87},
  number={9-10},
  pages={1039--1049},
  year={2015},
  publisher={De Gruyter}
}
@article{kuwahara2021analysis,
  title={Analysis of the effects of related fingerprints on molecular similarity using an eigenvalue entropy approach},
  author={Kuwahara, Hiroyuki and Gao, Xin},
  journal={Journal of Cheminformatics},
  volume={13},
  pages={1--12},
  year={2021},
  publisher={Springer}
}
@online{pharmacorefingerprints,
  title       = {Pharmacophore Fingerprint PF},
  author      = {Chemaxon},
  url         = {https://docs.chemaxon.com/display/docs/fingerprints_pharmacophore-fingerprint.md},
  note        = {Accessed: 2025-02-18}
}
@article{dablander2024sort,
  title={Sort \& Slice: A Simple and Superior Alternative to Hash-Based Folding for Extended-Connectivity Fingerprints},
  author={Dablander, Markus and Hanser, Thierry and Lambiotte, Renaud and Morris, Garrett M},
  journal={arXiv preprint arXiv:2403.17954},
  year={2024}
}
@article{heller2015inchi,
  title={InChI, the IUPAC international chemical identifier},
  author={Heller, Stephen R and McNaught, Alan and Pletnev, Igor and Stein, Stephen and Tchekhovskoi, Dmitrii},
  journal={Journal of cheminformatics},
  volume={7},
  pages={1--34},
  year={2015},
  publisher={Springer}
}
@article{pletnev2012inchikey,
  title={InChIKey collision resistance: an experimental testing},
  author={Pletnev, Igor and Erin, Andrey and McNaught, Alan and Blinov, Kirill and Tchekhovskoi, Dmitrii and Heller, Steve},
  journal={Journal of cheminformatics},
  volume={4},
  pages={1--9},
  year={2012},
  publisher={Springer}
}
@article{weininger1988smiles,
  title={SMILES (simplified molecular input line entry system)},
  author={Weininger, D and Weininger, A and Weininger, JL},
  journal={J Chem Inf Comput Sci},
  volume={28},
  pages={31--36},
  year={1988}
}
@article{o2018deepsmiles,
  title={DeepSMILES: an adaptation of SMILES for use in machine-learning of chemical structures},
  author={O'Boyle, Noel and Dalke, Andrew},
  year={2018}
}
@article{krenn2020self,
  title={Self-referencing embedded strings (SELFIES): A 100\% robust molecular string representation},
  author={Krenn, Mario and H{\"a}se, Florian and Nigam, AkshatKumar and Friederich, Pascal and Aspuru-Guzik, Alan},
  journal={Machine Learning: Science and Technology},
  volume={1},
  number={4},
  pages={045024},
  year={2020},
  publisher={IOP Publishing}
}
@article{lo2023recent,
  title={Recent advances in the self-referencing embedded strings (SELFIES) library},
  author={Lo, Alston and Pollice, Robert and Nigam, AkshatKumar and White, Andrew D and Krenn, Mario and Aspuru-Guzik, Al{\'a}n},
  journal={Digital Discovery},
  volume={2},
  number={4},
  pages={897--908},
  year={2023},
  publisher={Royal Society of Chemistry}
}

% Metrics
@article{safizadeh2021improving,
  title={Improving measures of chemical structural similarity using machine learning on chemical--genetic interactions},
  author={Safizadeh, Hamid and Simpkins, Scott W and Nelson, Justin and Li, Sheena C and Piotrowski, Jeff S and Yoshimura, Mami and Yashiroda, Yoko and Hirano, Hiroyuki and Osada, Hiroyuki and Yoshida, Minoru and others},
  journal={Journal of chemical information and modeling},
  volume={61},
  number={9},
  pages={4156--4172},
  year={2021},
  publisher={ACS Publications}
}
@article{mathieson2017computer,
  title={Computer-aided breast cancer diagnosis with optimal feature sets: Reduction rules and optimization techniques},
  author={Mathieson, Luke and Mendes, Alexandre and Marsden, John and Pond, Jeffrey and Moscato, Pablo},
  journal={Bioinformatics: Volume II: Structure, Function, and Applications},
  pages={299--325},
  year={2017},
  publisher={Springer}
}
@article{bajusz2015tanimoto,
  title={Why is Tanimoto index an appropriate choice for fingerprint-based similarity calculations?},
  author={Bajusz, D{\'a}vid and R{\'a}cz, Anita and H{\'e}berger, K{\'a}roly},
  journal={Journal of cheminformatics},
  volume={7},
  pages={1--13},
  year={2015},
  publisher={Springer}
}
@article{wigh2022review,
  title={A review of molecular representation in the age of machine learning},
  author={Wigh, Daniel S and Goodman, Jonathan M and Lapkin, Alexei A},
  journal={Wiley Interdisciplinary Reviews: Computational Molecular Science},
  volume={12},
  number={5},
  pages={e1603},
  year={2022},
  publisher={Wiley Online Library}
}
@article{kretschmer2023small,
  title={Small molecule machine learning: All models are wrong, some may not even be useful},
  author={Kretschmer, Fleming and Seipp, Jan and Ludwig, Marcus and Klau, Gunnar W and B{\"o}cker, Sebastian},
  journal={bioRxiv},
  pages={2023--03},
  year={2023},
  publisher={Cold Spring Harbor Laboratory}
}

% Related Work
@article{heinonen2012metabolite,
  title={Metabolite identification and molecular fingerprint prediction through machine learning},
  author={Heinonen, Markus and Shen, Huibin and Zamboni, Nicola and Rousu, Juho},
  journal={Bioinformatics},
  volume={28},
  number={18},
  pages={2333--2341},
  year={2012},
  publisher={Oxford University Press}
}
@article{duhrkop2015searching,
  title={Searching molecular structure databases with tandem mass spectra using CSI: FingerID},
  author={D{\"u}hrkop, Kai and Shen, Huibin and Meusel, Marvin and Rousu, Juho and B{\"o}cker, Sebastian},
  journal={Proceedings of the National Academy of Sciences},
  volume={112},
  number={41},
  pages={12580--12585},
  year={2015},
  publisher={National Acad Sciences}
}
@article{bocker2008towards,
  title={Towards de novo identification of metabolites by analyzing tandem mass spectra},
  author={B{\"o}cker, Sebastian and Rasche, Florian},
  journal={Bioinformatics},
  volume={24},
  number={16},
  pages={i49--i55},
  year={2008},
  publisher={Oxford University Press}
}
@article{duhrkop2019sirius,
  title={SIRIUS 4: a rapid tool for turning tandem mass spectra into metabolite structure information},
  author={D{\"u}hrkop, Kai and Fleischauer, Markus and Ludwig, Marcus and Aksenov, Alexander A and Melnik, Alexey V and Meusel, Marvin and Dorrestein, Pieter C and Rousu, Juho and B{\"o}cker, Sebastian},
  journal={Nature methods},
  volume={16},
  number={4},
  pages={299--302},
  year={2019},
  publisher={Nature Publishing Group US New York}
}
@article{fan2020metfid,
  title={MetFID: artificial neural network-based compound fingerprint prediction for metabolite annotation},
  author={Fan, Ziling and Alley, Amber and Ghaffari, Kian and Ressom, Habtom W},
  journal={Metabolomics},
  volume={16},
  pages={1--11},
  year={2020},
  publisher={Springer}
}
@article{goldman2023annotating,
  title={Annotating metabolite mass spectra with domain-inspired chemical formula transformers},
  author={Goldman, Samuel and Wohlwend, Jeremy and Stra{\v{z}}ar, Martin and Haroush, Guy and Xavier, Ramnik J and Coley, Connor W},
  journal={Nature Machine Intelligence},
  volume={5},
  number={9},
  pages={965--979},
  year={2023},
  publisher={Nature Publishing Group UK London}
}
@article{bushuiev2024emergence,
  title={Emergence of molecular structures from repository-scale self-supervised learning on tandem mass spectra},
  author={Bushuiev, Roman and Bushuiev, Anton and Samusevich, Raman and Brungs, Corinna and Sivic, Josef and Pluskal, Tom{\'a}{\v{s}}},
  year={2024}
}
@article{gomez2018automatic,
  title={Automatic chemical design using a data-driven continuous representation of molecules},
  author={G{\'o}mez-Bombarelli, Rafael and Wei, Jennifer N and Duvenaud, David and Hern{\'a}ndez-Lobato, Jos{\'e} Miguel and S{\'a}nchez-Lengeling, Benjam{\'\i}n and Sheberla, Dennis and Aguilera-Iparraguirre, Jorge and Hirzel, Timothy D and Adams, Ryan P and Aspuru-Guzik, Al{\'a}n},
  journal={ACS central science},
  volume={4},
  number={2},
  pages={268--276},
  year={2018},
  publisher={ACS Publications}
}
@article{stravs2022msnovelist,
  title={MSNovelist: de novo structure generation from mass spectra},
  author={Stravs, Michael A and D{\"u}hrkop, Kai and B{\"o}cker, Sebastian and Zamboni, Nicola},
  journal={Nature Methods},
  volume={19},
  number={7},
  pages={865--870},
  year={2022},
  publisher={Nature Publishing Group US New York}
}
@article{litsa2021spec2mol,
  title={Spec2Mol: An end-to-end deep learning framework for translating MS/MS Spectra to de-novo molecules},
  author={Litsa, Eleni and Chenthamarakshan, Vijil and Das, Payel and Kavraki, Lydia},
  year={2021}
}
@article{shrivastava2021massgenie,
  title={MassGenie: A transformer-based deep learning method for identifying small molecules from their mass spectra},
  author={Shrivastava, Aditya Divyakant and Swainston, Neil and Samanta, Soumitra and Roberts, Ivayla and Wright Muelas, Marina and Kell, Douglas B},
  journal={Biomolecules},
  volume={11},
  number={12},
  pages={1793},
  year={2021},
  publisher={MDPI}
}
@article{samanta2020vae,
  title={VAE-Sim: a novel molecular similarity measure based on a variational autoencoder},
  author={Samanta, Soumitra and Oâ€™Hagan, Steve and Swainston, Neil and Roberts, Timothy J and Kell, Douglas B},
  journal={Molecules},
  volume={25},
  number={15},
  pages={3446},
  year={2020},
  publisher={MDPI}
}
@article{butler2023ms2mol,
  title={MS2Mol: A transformer model for illuminating dark chemical space from mass spectra},
  author={Butler, Thomas and Frandsen, Abraham and Lightheart, Rose and Bargh, Brian and Taylor, James and Bollerman, TJ and Kerby, Thomas and West, Kiana and Voronov, Gennady and Moon, Kevin and others},
  year={2023}
}
@article{devlin2018bert,
  title={Bert: Pre-training of deep bidirectional transformers for language understanding},
  author={Devlin, Jacob},
  journal={arXiv preprint arXiv:1810.04805},
  year={2018}
}
@article{lewis2019bart,
  title={Bart: Denoising sequence-to-sequence pre-training for natural language generation, translation, and comprehension},
  author={Lewis, Mike},
  journal={arXiv preprint arXiv:1910.13461},
  year={2019}
}
@article{bushuiev2024massspecgym,
  title={MassSpecGym: A benchmark for the discovery and identification of molecules},
  author={Bushuiev, Roman and Bushuiev, Anton and de Jonge, Niek F and Young, Adamo and Kretschmer, Fleming and Samusevich, Raman and Heirman, Janne and Wang, Fei and Zhang, Luke and D{\"u}hrkop, Kai and others},
  journal={arXiv preprint arXiv:2410.23326},
  year={2024}
}
@article{schymanski2017critical,
  title={Critical assessment of small molecule identification 2016: automated methods},
  author={Schymanski, Emma L and Ruttkies, Christoph and Krauss, Martin and Brouard, C{\'e}line and Kind, Tobias and D{\"u}hrkop, Kai and Allen, Felicity and Vaniya, Arpana and Verdegem, Dries and B{\"o}cker, Sebastian and others},
  journal={Journal of cheminformatics},
  volume={9},
  pages={1--21},
  year={2017},
  publisher={Springer}
}

@INPROCEEDINGS{5206848,
  author={Deng, Jia and Dong, Wei and Socher, Richard and Li, Li-Jia and Kai Li and Li Fei-Fei},
  booktitle={2009 IEEE Conference on Computer Vision and Pattern Recognition}, 
  title={ImageNet: A large-scale hierarchical image database}, 
  year={2009},
  volume={},
  number={},
  pages={248-255},
  keywords={Large-scale systems;Image databases;Explosions;Internet;Robustness;Information retrieval;Image retrieval;Multimedia databases;Ontologies;Spine},
  doi={10.1109/CVPR.2009.5206848}
}
@online{mona,
 title={MoNA. Massbank of north america},
 url={https://mona.fiehnlab.ucdavis.edu/},
}

@article{horai2010massbank,
  title={MassBank: a public repository for sharing mass spectral data for life sciences},
  author={Horai, Hisayuki and Arita, Masanori and Kanaya, Shigehiko and Nihei, Yoshito and Ikeda, Tasuku and Suwa, Kazuhiro and Ojima, Yuya and Tanaka, Kenichi and Tanaka, Satoshi and Aoshima, Ken and others},
  journal={Journal of mass spectrometry},
  volume={45},
  number={7},
  pages={703--714},
  year={2010},
  publisher={Wiley Online Library}
}
@article{wang2016sharing,
  title={Sharing and community curation of mass spectrometry data with Global Natural Products Social Molecular Networking},
  author={Wang, Mingxun and Carver, Jeremy J and Phelan, Vanessa V and Sanchez, Laura M and Garg, Neha and Peng, Yao and Nguyen, Don Duy and Watrous, Jeramie and Kapono, Clifford A and Luzzatto-Knaan, Tal and others},
  journal={Nature biotechnology},
  volume={34},
  number={8},
  pages={828--837},
  year={2016},
  publisher={Nature Publishing Group US New York}
}
@article{brungs2024efficient,
  title={Efficient generation of open multi-stage fragmentation mass spectral libraries},
  author={Brungs, Corinna and Schmid, Robin and Heuckeroth, Steffen and Mazumdar, Aninda and Drexler, Mat{\'u}{\v{s}} and {\v{S}}{\'a}cha, Pavel and Dorrestein, Pieter C and Petras, Daniel and Nothias, Louis-Felix and Veverka, V{\'a}clav and others},
  year={2024}
}
@article{de2023reproducible,
  title={Reproducible MS/MS library cleaning pipeline in matchms},
  author={de Jonge, Niek F and Hecht, Helge and van der Hooft, Justin JJ and Huber, Florian},
  year={2023}
}
@article{holtzman2019curious,
  title={The curious case of neural text degeneration},
  author={Holtzman, Ari and Buys, Jan and Du, Li and Forbes, Maxwell and Choi, Yejin},
  journal={arXiv preprint arXiv:1904.09751},
  year={2019}
}
@article{nwankpa2018activation,
  title={Activation functions: Comparison of trends in practice and research for deep learning},
  author={Nwankpa, Chigozie and Ijomah, Winifred and Gachagan, Anthony and Marshall, Stephen},
  journal={arXiv preprint arXiv:1811.03378},
  year={2018}
}
@article{freitag2017beam,
  title={Beam search strategies for neural machine translation},
  author={Freitag, Markus and Al-Onaizan, Yaser},
  journal={arXiv preprint arXiv:1702.01806},
  year={2017}
}

@article{vaswani2017attention,
  title={Attention is all you need},
  author={Vaswani, Ashish and Shazeer, Noam and Parmar, Niki and Uszkoreit, Jakob and Jones, Llion and Gomez, Aidan N and Kaiser, {\L}ukasz and Polosukhin, Illia},
  journal={Advances in neural information processing systems},
  volume={30},
  year={2017}
}